<?xml version="1.0" encoding="UTF-8"?><collection xmlns="http://www.loc.gov/MARC21/slim"><record><leader>00732nam--2200181-i-4500</leader><controlfield tag="001">000014482</controlfield><controlfield tag="002">20161230</controlfield><controlfield tag="005">20161230201030</controlfield><controlfield tag="008">060222s1000------------r-----000-0-eng-d</controlfield><datafield ind1=" " ind2=" " tag="040"><subfield code="a">IFIN-HH</subfield></datafield><datafield ind1=" " ind2=" " tag="080"><subfield code="a">537.622(061.3)</subfield></datafield><datafield ind1="1" ind2=" " tag="100"><subfield code="a">Guertin, Robert P./S.A.</subfield></datafield><datafield ind1="1" ind2="0" tag="245"><subfield code="a">CRYSTALLINE ELECTRIC FIELD EFFECTS IN f-ELECTRON MAGNETISM</subfield><subfield code="b">PROCEEDINGS OF THE FOURTH INTERNATIONAL CONFERENCE ON CRYSTALIME ELECTRIC FIELD AND STRUCTURAL EFFECTS IN f-ELECTRON SYSTEM, HELD SEPTEMBER 22-25, 1981, IN WROCLAW, POLAND</subfield><subfield code="c">Robert p. guertin; wojciech suski; zygmunt zolnierek (eds.)</subfield></datafield><datafield ind1=" " ind2=" " tag="260"><subfield code="a">New York</subfield><subfield code="b">Plenum Press</subfield><subfield code="c">1982</subfield></datafield><datafield ind1=" " ind2=" " tag="300"><subfield code="a">XVII+586P</subfield></datafield><datafield ind1="1" ind2=" " tag="700"><subfield code="a">Zolnierek, Zygmunt</subfield><subfield code="e">Ed</subfield></datafield><datafield ind1=" " ind2=" " tag="852"><subfield code="a">71053</subfield><subfield code="c">537:538</subfield></datafield><datafield ind1=" " ind2=" " tag="CAT"><subfield code="a">Sys</subfield><subfield code="c">20110627</subfield><subfield code="h">094316</subfield></datafield></record></collection>